@misc{sims1980martingale,
  title={Martingale-like behavior of prices},
  author={Sims, Christopher A},
  year={1980},
  publisher={National Bureau of Economic Research Cambridge, Mass., USA}
}